@book{aes,
	author    = {Kristijonas Cyras and Dimitrios Letsios and Ruth Misener and Francesca Toni},
	title     = {Argumentation for Explainable Scheduling},
	year      = {2018}
}

@book{sanr,
	author = {Burke, Edmund K. and De Causmaecker, Patrick and Berghe, Greet Vanden and Van Landeghem, Hendrik},
	title = {The State of the Art of Nurse Rostering},
	issue_date = {November-December 2004},
	year = {2004},
	issn = {1094-6136},
	pages = {441--499},
	numpages = {59},
	url = {https://doi.org/10.1023/B:JOSH.0000046076.75950.0b},
	doi = {10.1023/B:JOSH.0000046076.75950.0b},
	acmid = {1029477},
	publisher = {Kluwer Academic Publishers},
} 

@book{sta,
	author = {Pinedo, Michael},
	year = {2019},
	title = {Scheduling: Theory, Algorithms, and Systems}
}

@book{aa,
	title = "On the acceptability of arguments and its fundamental role in nonmonotonic reasoning, logic programming and n-person games",
	journal = "Artificial Intelligence",
	volume = "77",
	number = "2",
	pages = "321 - 357",
	year = "1995",
	issn = "0004-3702",
	doi = "https://doi.org/10.1016/0004-3702(94)00041-X",
	url = "http://www.sciencedirect.com/science/article/pii/000437029400041X",
	author = "Phan Minh Dung"
}

@book{sa,
	author = {Peter Brucker},
	title = {Scheduling Algorithms},
	publisher = {Springer},
	year = {2007}
}

@book{clp,
  title={Comparison of open-source linear programming solvers},
  author={Gearhart, Jared L and Adair, Kristin L and Detry, Richard J and Durfee, Justin D and Jones, Katherine A and Martin, Nathaniel},
  journal={Tech. Rep. SAND2013-8847},
  year={2013}
}

@book{at,
	title={Argumentation theory: A very short introduction},
	author={Walton, Douglas},
	booktitle={Argumentation in artificial intelligence},
	pages={1--22},
	year={2009},
	publisher={Springer}
}

@book{ep,
  author    = {Maria Fox and
               Derek Long and
               Daniele Magazzeni},
  title     = {Explainable Planning},
  year      = {2017},
  url       = {http://arxiv.org/abs/1709.10256},
}

@book{pe,
 author = {Sohrabi, Shirin and Baier, Jorge A. and McIlraith, Sheila A.},
 title = {Preferred Explanations: Theory and Generation via Planning},
 year = {2011},
 pages = {261--267},
 numpages = {7},
 url = {http://dl.acm.org/citation.cfm?id=2900423.2900464},
 publisher = {AAAI Press},
}

@book{is,
  title={Interval scheduling: A survey},
  author={Kolen, Antoon WJ and Lenstra, Jan Karel and Papadimitriou, Christos H and Spieksma, Frits CR},
  journal={Naval Research Logistics (NRL)},
  volume={54},
  number={5},
  pages={530--543},
  year={2007},
  publisher={Wiley Online Library}
}

@online{lekin,
	title = {Scheduling System},
	year = 2010,
	howpublished = {\url{http://web-static.stern.nyu.edu/om/software/lekin}},
	note = {Accessed on 25/01/2019},
}

@online{setmore,
	title = {Free Online Appointment Scheduling Calender Software},
	year = 2019,
	howpublished = {\url{https://www.setmore.com}},
	note = {Accessed on 25/01/2019},
}

@article{operations,
	author = {Rais, Abdur and Viana, Ana},
	title = {Operations Research in Healthcare: a survey},
	journal = {International Transactions in Operational Research},
	volume = {18},
	number = {1},
	pages = {1-31},
	year = {2011}
}

@article{preferences,
	doi = {10.1007/s10729-008-9087-2},
	url = {https://doi.org/10.1007%2Fs10729-008-9087-2},
	year = 2008,
	month = {oct},
	publisher = {Springer Nature},
	volume = {12},
	number = {3},
	pages = {228--242},
	author = {Melanie L. De Grano and D. J. Medeiros and David Eitel},
	title = {Accommodating individual preferences in nurse scheduling via auctions and optimization},
	journal = {Health Care Management Science}
}

@inproceedings{acceptability,
	author = {Amgoud, Leila and Cayrol, Claudette},
	title = {On the Acceptability of Arguments in Preference-based Argumentation},
	booktitle = {Proceedings of the Fourteenth Conference on Uncertainty in Artificial Intelligence},
	series = {UAI'98},
	year = {1998},
	isbn = {1-55860-555-X},
	location = {Madison, Wisconsin},
	pages = {1--7},
	numpages = {7},
	url = {http://dl.acm.org/citation.cfm?id=2074094.2074095},
	acmid = {2074095},
	publisher = {Morgan Kaufmann Publishers Inc.},
	address = {San Francisco, CA, USA},
}

@paper{aba,
	author = {Kristijonas Cyras and Francesca Toni},
	title = {ABA+: Assumption-Based Argumentation with Preferences},
	conference = {Knowledge Representation and Reasoning Conference},
	year = {2016},
	keywords = {Argumentation; Preferences; Knowledge Representation and Reasoning},
	abstract = {We present a novel approach to account for preferences in a well known structured argumentation formalism, Assumption-Based Argumentation (ABA). The new formalism, called ABA+, incorporates object-level preferences (over assumptions) directly into the attack relation to reverse attacks. We give several basic desirable properties of ABA+.},
	
	url = {https://www.aaai.org/ocs/index.php/KR/KR16/paper/view/12877/12519}
}

@online{adjmat,
	author = {Weisstein, Eric W.},
	title = {Adjacency Matrix},
	year = 2019,
	howpublished = {\url{mathworld.wolfram.com/AdjacencyMatrix.html}},
	note = {Accessed on 09/05/2019},
}

@article{hoare,
	author = {Hoare, C. A. R.},
	title = {An Axiomatic Basis for Computer Programming},
	journal = {Commun. ACM},
	issue_date = {Oct. 1969},
	volume = {12},
	number = {10},
	month = oct,
	year = {1969},
	issn = {0001-0782},
	pages = {576--580},
	numpages = {5},
	url = {http://doi.acm.org/10.1145/363235.363259},
	doi = {10.1145/363235.363259},
	acmid = {363259},
	publisher = {ACM},
	address = {New York, NY, USA},
}

@inproceedings{recommend,
	title     = {Argumentation-Based Recommendations: Fantastic Explanations and How to Find Them},
	author    = {Antonio Rago and Oana Cocarascu and Francesca Toni},
	booktitle = {Proceedings of the Twenty-Seventh International Joint Conference on
	Artificial Intelligence, {IJCAI-18}},
	publisher = {International Joint Conferences on Artificial Intelligence Organization},             
	pages     = {1949--1955},
	year      = {2018},
	month     = {7},
	doi       = {10.24963/ijcai.2018/269},
	url       = {https://doi.org/10.24963/ijcai.2018/269},
}